<record xmlns:xsi="http://www.w3.org/2001/XMLSchema-instance" xmlns="http://www.loc.gov/MARC21/slim" xsi:schemaLocation="http://www.loc.gov/MARC21/slim http://www.loc.gov/standards/marcxml/schema/MARC21slim.xsd">

  <leader>00532nam a2200181   4500</leader>
  <controlfield tag="008">150911b2005    s  a|||| |||| 00| | spa d</controlfield>
  <datafield ind1=" " ind2=" " tag="020">
    <subfield code="a">8420642053</subfield>
  </datafield>
  <datafield tag="090" ind2=" " ind1=" ">
    <subfield code="a">14.02.03</subfield>
    <subfield code="b">2277</subfield>
  </datafield>
  <datafield tag="100" ind2=" " ind1="1">
    <subfield code="9">990</subfield>
    <subfield code="a">Nash, Mary</subfield>
  </datafield>
  <datafield ind2="0" tag="245" ind1="1">
    <subfield code="a">Mujeres en el mundo: historia, retos y movimientos / </subfield>
    <subfield code="c">Mary Nash</subfield>
  </datafield>
  <datafield ind1=" " tag="260" ind2=" ">
    <subfield code="a">Madrid, España :</subfield>
    <subfield code="b">Alianza Editorial,</subfield>
    <subfield code="c">Reimpresión 2005.</subfield>
  </datafield>
  <datafield ind2=" " tag="300" ind1=" ">
    <subfield code="a">333 páginas</subfield>
  </datafield>
  <datafield ind2="4" tag="650" ind1="1">
    <subfield code="9">55</subfield>
    <subfield code="a">MUJERES</subfield>
  </datafield>
  <datafield tag="650" ind2="4" ind1="1">
    <subfield code="9">22</subfield>
    <subfield code="a">HISTORIA</subfield>
  </datafield>
  <datafield tag="650" ind2="4" ind1="1">
    <subfield code="9">374</subfield>
    <subfield code="a">MOVIMIENTOS SOCIALES</subfield>
  </datafield>
  <datafield tag="650" ind2="4" ind1="1">
    <subfield code="9">324</subfield>
    <subfield code="a">FEMINISMO</subfield>
  </datafield>
  <datafield tag="942" ind2=" " ind1=" ">
    <subfield code="2">z</subfield>
    <subfield code="c">01</subfield>
  </datafield>
  <datafield ind1=" " tag="999" ind2=" ">
    <subfield code="c">2868</subfield>
    <subfield code="d">2868</subfield>
  </datafield>
</record>